@misc{wiki,
title = {{The ICE Wiki}},
howpublished = {\url{https://wiki.eclipse.org/ICE}}
}

@misc{bugs,
title = {{ICE Bugs}},
howpublished = {\url{https://bugs.eclipse.org/bugs/describecomponents.cgi?product=Ice}}
}

@misc{proj,
title = {{ICE Project Page}},
howpublished = {\url{https://projects.eclipse.org/projects/technology.ice}}
}

@misc{gettingICE,
title = {{Getting ICE}},
howpublished = {\url{https://wiki.eclipse.org/Getting_ICE}}
}

@misc{build,
title = {{ICE Build Instructions}},
howpublished = {\url{https://wiki.eclipse.org/ICE_Build_Instructions}}
}

@misc{src,
title = {{ICE Source Code}},
howpublished = {\url{https://github.com/eclipse/ice}}
}

@misc{dev,
title = {{ICE Development Team}},
howpublished = {\url{https://wiki.eclipse.org/About_ICE}}
}

@misc{faq, 
title = {{ICE FAQ}}, 
howpublished = {\url{https://wiki.eclipse.org/ICE_FAQ}}
}

@misc{moose, 
title = {{Using MOOSE with ICE}},
howpublished = {\url{https://wiki.eclipse.org/Using_MOOSE_with_ICE}}
}

@misc{moosedev, 
title = {{Developing MOOSE Applications with ICE}}, 
howpublished = {\url{https://wiki.eclipse.org/Developing_MOOSE_Applications_with_ICE}}
}

@misc{youtube, 
title = {{ICE Youtube Channel}}, 
howpublished = {\url{http://www.youtube.com/jayjaybillings}}
}

@misc{eclipse, 
title = {{ICE Eclipse Page}}, 
howpublished = {\url{http://www.eclipse.org/ice}}
}

@misc{sfwiki, 
title = {{ICE SourceForge Wiki}}, 
howpublished = {\url{http://niceproject.sourceforge.net}}
}

@misc{moose_web, 
title = {{MOOSE}}, 
howpublished = {\url{http://mooseframework.org}}
}

@misc{visit, 
title = {{VisIt}}, 
howpublished = {\url{https://wci.llnl.gov/simulation/computer-codes/visit/}}
}

@article{DBLP:journals/corr/BillingsDHLW14,
  author    = {Jay Jay Billings and
               Jordan H. Deyton and
               S. Forest Hull and
               Eric J. Lingerfelt and
               Anna Wojtowicz},
  title     = {A domain-specific analysis system for examining nuclear reactor simulation
               data for light-water and sodium-cooled fast reactors},
  journal   = {Submitted to the Annals of Nuclear Energy},
  volume    = {abs/1407.2795},
  year      = {2014},
  url = {{http://arxiv.org/abs/1407.2795}},
  timestamp = {Fri, 01 Aug 2014 13:50:01 +0200},
  biburl    = {http://dblp.uni-trier.de/rec/bib/journals/corr/BillingsDHLW14},
  bibsource = {dblp computer science bibliography, http://dblp.org}
}
